%% This BibTeX bibliography file was created using BibDesk.
%% https://bibdesk.sourceforge.io/

%% Created for Jeremy Clark at 2021-03-23 09:21:09 -0400 


%% Saved with string encoding Unicode (UTF-8) 



@unpublished{Sam15,
	author = {Sams, Robert},
	date-added = {2021-03-23 09:20:27 -0400},
	date-modified = {2021-03-23 09:21:09 -0400},
	note = {[Online]},
	title = {A Note on Cryptocurrency Stabilisation: Seigniorage Shares},
	year = {2015}}

@techreport{RoNi20,
	author = {Dan Robinson and Allan Niemerg},
	date-added = {2020-09-21 10:36:23 -0400},
	date-modified = {2020-09-21 10:37:13 -0400},
	institution = {Yield.is},
	month = {Apr},
	title = {The Yield Protocol: On-Chain Lending With Interest Rate Discovery},
	year = {2020}}

@techreport{KMM20,
	author = {Ariah Klages-Mundt and Andreea Minca},
	date-added = {2020-09-18 12:31:29 -0400},
	date-modified = {2020-09-18 12:32:01 -0400},
	institution = {arXiv},
	title = {While Stability Lasts: A Stochastic Model of Stablecoins},
	year = {2020}}

@inproceedings{GRB20,
	author = {Wanyun Gu and Anika Raghuvanshi and Dan Boneh},
	booktitle = {Cryptoeconomic Systems},
	date-added = {2020-09-17 11:32:05 -0400},
	date-modified = {2020-09-17 11:34:56 -0400},
	title = {Empirical Measurements on Pricing Oracles and Decentralized Governance for Stablecoins},
	year = {2020}}

@techreport{QZLG20,
	author = {Kaihua Qin and Liyi Zhou and Benjamin Livshits and Arthur Gervais},
	date-added = {2020-09-17 09:21:19 -0400},
	date-modified = {2020-09-17 09:22:22 -0400},
	institution = {arXiv},
	number = {2003.03810v2},
	title = {Attacking the {D}e{F}i Ecosystem with Flash Loans for Fun and Profit},
	year = {2020}}

@inproceedings{GPH+20,
	author = {Lewis Gudgeon and Daniel Perez and Dominik Harz and Benjamin Livshits and Arthur Gervais},
	booktitle = {CVCBT},
	date-added = {2020-09-17 09:18:16 -0400},
	date-modified = {2020-09-17 09:19:14 -0400},
	title = {The Decentralized Financial Crisis},
	year = {2020}}

@inproceedings{PHP+19,
	author = {Ingolf G A Pernice and Sebastian Henningsen and Roman Proskalovich and Martin Florian and Hermann Elendner},
	booktitle = {CVCBT},
	date-added = {2020-09-17 09:10:59 -0400},
	date-modified = {2020-09-17 09:10:59 -0400},
	title = {Monetary Stabilization in Cryptocurrencies: Design Approaches and Open Questions},
	year = {2019}}

@inproceedings{MSS20,
	author = {Amani Moin and Kevin Sekniqi and Emin Gun Sirer},
	booktitle = {Financial Cryptography},
	date-added = {2020-09-17 09:10:32 -0400},
	date-modified = {2020-09-17 09:10:32 -0400},
	title = {So{K}: A Classification Framework for Stablecoin Designs},
	year = {2020}}

@inproceedings{CDM20,
	author = {Jeremy Clark and Didem Demirag and Seyedehmahsa Moosavi},
	booktitle = {Communications of the ACM},
	date-added = {2020-09-17 08:20:07 -0400},
	date-modified = {2020-09-17 11:41:22 -0400},
	month = {July},
	number = {7},
	title = {Demystifying Stablecoins},
	volume = {63},
	year = {2020}}
@article{smart_contract_sanctuary, 
          title={Smart Contract Sanctuary}, 
          url={https://github.com/tintinweb/smart-contract-sanctuary}, 
          author={Ortner, Martin and Eskandari, Shayan}} 

@article{solidity-doppelganger, 
          title={Solidity Doppelgaenger}, 
          url={https://github.com/tintinweb/solidity-doppelganger}, 
          author={Ortner, Martin}} 

@article{Upg-Bug, 
          title={Upgradeability Is a Bug}, 
          url={https://medium.com/consensys-diligence/upgradeability-is-a-bug-dba0203152ce}, 
          author={Marx, Steve}} 

@article{socialUpgrade, 
          title={Not All Smart Contracts Are Immutable â€” Create Upgradable Smart Contracts}, 
          url={https://betterprogramming.pub/not-all-smart-contracts-are-immutable-create-upgradable-smart-contracts-e4e933b7b8a9}, 
          author={Collins, Patrick}} 



@article{ToBantiPattern, 
          title={Contract upgrade anti-patterns}, 
          url={https://blog.trailofbits.com/2018/09/05/contract-upgrade-anti-patterns/}, 
          author={Trail of Bits Blog}} 

@article{selfDestruct, 
          title={Expectations for backwards-incompatible changes / removal of features that may come soon}, 
          url={https://www.reddit.com/r/ethereum/comments/lx32kv/expectations_for_backwardsincompatible_changes/}, 
          author={Vitalik Buterin}} 



@article{aaveBreak, 
          title={Breaking Aave Upgradeability}, 
          url={https://blog.trailofbits.com/2020/12/16/breaking-aave-upgradeability/}, 
          author={Trail of Bits Blog}} 

@article{securityAdvise, 
          title={Security advisory: Initialize UUPS implementation contracts}, 
          url={https://forum.openzeppelin.com/t/security-advisory-initialize-uups-implementation-contracts/15301}, 
          author={Santiago Palladino}} 



@article{uupsAttacks, 
          title={UUPSUpgradeable Vulnerability Post-mortem}, 
          url={https://forum.openzeppelin.com/t/uupsupgradeable-vulnerability-post-mortem/15680}, 
          author={Santiago Palladino}} 

@article{rugPool, 
          title={Rug pull}, 
          url={https://academy.binance.com/en/glossary/rug-pull}, 
          author={Binance Academy}} 

@article{bentFinanceHack, 
          title={Bent Update}, 
          url={https://bentfi.medium.com/bent-update-12ae69a41dc6}, 
          author={Bent Finance}} 

@article{eip1967, 
          title={EIP-1967: Standard Proxy Storage Slots}, 
          url={https://eips.ethereum.org/EIPS/eip-1967}, 
          author={Santiago Palladino}} 